@phdthesis{狄鹏2008Grobner,
  title={Grobner基生成算法的并行},
  author={狄鹏},
  school={西安电子科技大学},
  year={2008},
}

 @article{lin_liu_song_2011, title={Study on Parallel of Gaussian Elimination}, volume={37}, url={https://kns.cnki.net/kcms/detail/detail.aspx?dbcode=CJFD&dbname=CJFD2011&filename=JSJC201108015&uniplatform=NZKPT&v=XJWKtoFrmuoWIERJgBn7RxxUQUhV-lXFKtnTj0e1xaIOfsRl1MdymhabsGU8DdNp}, DOI={10.3969/j.issn.1000-3428.2011.08.014}, number={8}, journal={Computer Engineering}, author={Lin, Liu and Liu, Qing-Kun and Song, Xiao-Yu}, year={2011}, month={Apr} }
 
@article{donfack2015survey,
  title={A survey of recent developments in parallel implementations of Gaussian elimination},
  author={Donfack, Simplice and Dongarra, Jack and Faverge, Mathieu and Gates, Mark and Kurzak, Jakub and Luszczek, Piotr and Yamazaki, Ichitaro},
  journal={Concurrency and Computation: Practice and Experience},
  volume={27},
  number={5},
  pages={1292--1309},
  year={2015},
  publisher={Wiley Online Library}
}

@inproceedings{faugere2010parallel,
  title={Parallel Gaussian Elimination for Gr{\"o}bner bases computations in finite fields},
  author={Faug{\`e}re, Jean-Charles and Lachartre, Sylvain},
  booktitle={Proceedings of the 4th International Workshop on Parallel and Symbolic Computation},
  pages={89--97},
  year={2010}
}

@incollection{hojnacki2021parallel,
  title={Parallel Computation of Gr{\"o}bner Bases on a Graphics Processing Unit},
  author={Hojnacki, Mark and Leeseberg, Andrew and O’Shaughnessy, Jack and Dauchy, Michael and Hylton, Alan and Gold, Leah and Sang, Janche},
  booktitle={Advances in Parallel \& Distributed Processing, and Applications},
  pages={417--432},
  year={2021},
  publisher={Springer}
}

@book{quinn1994parallel,
  title={Parallel computing theory and practice},
  author={Quinn, Michael J},
  year={1994},
  publisher={McGraw-Hill, Inc.}
}

@book{golub2014scientific,
  title={Scientific computing: an introduction with parallel computing},
  author={Golub, Gene H and Ortega, James M},
  year={2014},
  publisher={Elsevier}
}

@incollection{joseph2022parallel,
  title={Parallel Faces Recognition Attendance System with Anti-Spoofing Using Convolutional Neural Network},
  author={Joseph, Stephen Bassi and Dada, Emmanuel Gbenga and Misra, Sanjay and Ajoka, Samuel},
  booktitle={Illumination of Artificial Intelligence in Cybersecurity and Forensics},
  pages={123--137},
  year={2022},
  publisher={Springer}
}
@misc{he2021structure,
      title={A structure preserving numerical scheme for Fokker-Planck equations of structured neural networks with learning rules}, 
      author={Qing He and Jingwei Hu and Zhennan Zhou},
      year={2021},
      eprint={2109.04667},
      archivePrefix={arXiv},
      primaryClass={math.NA}
}