
 @misc{cacheline, title={cacheline优化_鲲鹏通用_鲲鹏性能优化十板斧_应用程序调优_优化方法}, url={https://support.huaweicloud.com/tuningtip-kunpenggrf/kunpengtuning_12_0052.html}, journal={华为云文档}, publisher={华为云}, author={华为云}, year={2022}, month={Feb}} 