@book{adams1995hitchhiker,
  title={The Hitchhiker's Guide to the Galaxy},
  author={Adams, D.},
  isbn={9781417642595},
  url={http://books.google.com/books?id=W-xMPgAACAAJ},
  year={1995},
  publisher={San Val}
}

@phdthesis{gpu_martix,
  title={面向大规模科学计算的CPU-GPU异构并行技术研究},
  author={方旭东},
  school={国防科学技术大学},
}

 @misc{arm_dynamiq, title={ARM Dynamiq redefines multi-core computing}, howpublished = {\url{https://www.youtube.com/watch?v=qPGTP_ZxDyY}}, journal={YouTube}, publisher={YouTube}, author={ARM}, year={2017}, month={Sep}} 
 
  @misc{intel_alder_lake, title={Alder Lake and thread director - architecture day 2021 | Intel Technology}, howpublished = {\url{https://www.youtube.com/watch?v=lm6vovVFo70}}, journal={YouTube}, author={Intel Technology}, publisher={YouTube}, year={2021}, month={Aug}} 
  
@article{supercom_gpu,
  title={Research trend of large-scale supercomputers and applications from the TOP500 and Gordon Bell Prize},
  author={Weimin ZHENG},
  journal={Science China(Information Sciences)},
  volume={v.63},
  number={07},
  pages={128-141},
  year={2020},
}

 @misc{supercom_energy_prog, title={为何中国超算偏爱异构计算}, howpublished = {\url{https://zhuanlan.zhihu.com/p/20908218}}, journal={知乎专栏}, author={张竞扬}, year={2016}, month={May}} 
 
  @misc{tsubame_wiki, title={Tsubame(supercomputer)}, howpublished ={\url{https://en.wikipedia.org/wiki/Tsubame_(supercomputer)}}, journal={Wikipedia}, publisher={Wikimedia Foundation}, year={2020}, month={Dec}} 
  
 @misc{summit, title={Summit}, howpublished = {\url{https://www.olcf.ornl.gov/summit/}}, journal={Oak Ridge Leadership Computing Facility}, author={Oak Ridge National Laboratory}} 
 
  @misc{bitonic_wiki, title={Bitonic Sorter},
  howpublished = {\url{https://en.wikipedia.org/wiki/Bitonic_sorter}}, journal={Wikipedia}, publisher={Wikimedia Foundation}, year={2021}, month={Dec}} 
  
   @misc{bitonic_jianshu, title={双调排序}, howpublished = {\url{https://www.jianshu.com/p/ea4a62fdaae9}}, journal={简书}, author={谢小帅}, year={2017}, month={Sep}} 
   
 @misc{sw26010, title={申威26010}, howpublished = {\url{http://www.swcpu.cn/show-130-261-1.html}}, journal={申威26010 - 高性能多线程处理器 - 成都申威科技有限责任公司}, author={成都申威科技有限责任公司}} 

 @misc{a64fx, title={A64FX}, howpublished = {\url{https://www.fujitsu.com/global/products/computing/servers/supercomputer/a64fx/}}, journal={Fujitsu Global}, author={FUJITSU}} 