 @misc{intel/arm_neon_2_x86_sse_2022, 
 note={\url{https://github.com/intel/ARM_NEON_2_x86_SSE} Accessed April 24, 2022},
 title={intel/arm\_neon\_2\_x86\_sse\_2022},
 url={https://github.com/intel/ARM_NEON_2_x86_SSE}, journal={GitHub} }

 @misc{intelintrinsicsguide,
 title={intel intrinsics guide},
 note={\url{https://www.intel.com/content/www/us/en/docs/intrinsics-guide/index.html} Accessed April 24, 2022},
 url={https://www.intel.com/content/www/us/en/docs/intrinsics-guide/index.html}, journal={Intel}, publisher={Intel} }
 
@book{quinn1994parallel,
  title={Parallel computing theory and practice},
  author={Quinn, Michael J},
  year={1994},
  publisher={McGraw-Hill, Inc.}
}

@book{golub2014scientific,
  title={Scientific computing: an introduction with parallel computing},
  author={Golub, Gene H and Ortega, James M},
  year={2014},
  publisher={Elsevier}
}

@incollection{joseph2022parallel,
  title={Parallel Faces Recognition Attendance System with Anti-Spoofing Using Convolutional Neural Network},
  author={Joseph, Stephen Bassi and Dada, Emmanuel Gbenga and Misra, Sanjay and Ajoka, Samuel},
  booktitle={Illumination of Artificial Intelligence in Cybersecurity and Forensics},
  pages={123--137},
  year={2022},
  publisher={Springer}
}
@misc{he2021structure,
      title={A structure preserving numerical scheme for Fokker-Planck equations of structured neural networks with learning rules}, 
      author={Qing He and Jingwei Hu and Zhennan Zhou},
      year={2021},
      eprint={2109.04667},
      archivePrefix={arXiv},
      primaryClass={math.NA}
}